% This file was created with JabRef 2.10.
% Encoding: UTF8


@Article{Einstein1905,
  Title                    = {Zur Elektrodynamik bewegter KÃ¶rper},
  Author                   = {A. Einstein},
  Journal                  = {Annalen der Physik},
  Year                     = {1905},
  Number                   = {10},
  Pages                    = {891-921},
  Volume                   = {322},

  Doi                      = {10.1002/andp.19053221004},
  Eprint                   = {https://onlinelibrary.wiley.com/doi/pdf/10.1002/andp.19053221004},
  Url                      = {https://onlinelibrary.wiley.com/doi/abs/10.1002/andp.19053221004}
}

